@article{sohn2020fixmatch,
  title={Fixmatch: Simplifying semi-supervised learning with consistency and confidence},
  author={Sohn, Kihyuk and Berthelot, David and Li, Chun-Liang and Zhang, Zizhao and Carlini, Nicholas and Cubuk, Ekin D and Kurakin, Alex and Zhang, Han and Raffel, Colin},
  journal={arXiv preprint arXiv:2001.07685},
  year={2020}
}

@inproceedings{lee2013pseudo,
  title={Pseudo-label: The simple and efficient semi-supervised learning method for deep neural networks},
  author={Lee, Dong-Hyun and others},
  booktitle={Workshop on challenges in representation learning, ICML},
  volume={3},
  number={2},
  year={2013}
}

@inproceedings{chen2020simple,
  title={A simple framework for contrastive learning of visual representations},
  author={Chen, Ting and Kornblith, Simon and Norouzi, Mohammad and Hinton, Geoffrey},
  booktitle={International conference on machine learning},
  pages={1597--1607},
  year={2020},
  organization={PMLR}
}

@article{whitley1994genetic,
  title={A genetic algorithm tutorial},
  author={Whitley, Darrell},
  journal={Statistics and computing},
  volume={4},
  number={2},
  pages={65--85},
  year={1994},
  publisher={Springer}
}

@article{zhu2005semi,
  title={Semi-supervised learning literature survey},
  author={Zhu, Xiaojin Jerry},
  year={2005},
  publisher={University of Wisconsin-Madison Department of Computer Sciences}
}

@article{tian2020makes,
  title={What makes for good views for contrastive learning},
  author={Tian, Yonglong and Sun, Chen and Poole, Ben and Krishnan, Dilip and Schmid, Cordelia and Isola, Phillip},
  journal={arXiv preprint arXiv:2005.10243},
  year={2020}
}

@article{murata1996multi,
  title={Multi-objective genetic algorithm and its applications to flowshop scheduling},
  author={Murata, Tadahiko and Ishibuchi, Hisao and Tanaka, Hideo},
  journal={Computers \& industrial engineering},
  volume={30},
  number={4},
  pages={957--968},
  year={1996},
  publisher={Elsevier}
}

@inproceedings{he2016deep,
  title={Deep residual learning for image recognition},
  author={He, Kaiming and Zhang, Xiangyu and Ren, Shaoqing and Sun, Jian},
  booktitle={Proceedings of the IEEE conference on computer vision and pattern recognition},
  pages={770--778},
  year={2016}
}

@article{krizhevsky2009learning,
  title={Learning multiple layers of features from tiny images},
  author={Krizhevsky, Alex and Hinton, Geoffrey and others},
  year={2009},
  publisher={Citeseer}
}

@inproceedings{he2016identity,
  title={Identity mappings in deep residual networks},
  author={He, Kaiming and Zhang, Xiangyu and Ren, Shaoqing and Sun, Jian},
  booktitle={European conference on computer vision},
  pages={630--645},
  year={2016},
  organization={Springer}
}

@article{chen2020big,
  title={Big self-supervised models are strong semi-supervised learners},
  author={Chen, Ting and Kornblith, Simon and Swersky, Kevin and Norouzi, Mohammad and Hinton, Geoffrey},
  journal={arXiv preprint arXiv:2006.10029},
  year={2020}
}

@article{khosla2020supervised,
  title={Supervised contrastive learning},
  author={Khosla, Prannay and Teterwak, Piotr and Wang, Chen and Sarna, Aaron and Tian, Yonglong and Isola, Phillip and Maschinot, Aaron and Liu, Ce and Krishnan, Dilip},
  journal={arXiv preprint arXiv:2004.11362},
  year={2020}
}

@article{zhang2019consistency,
  title={Consistency regularization for generative adversarial networks},
  author={Zhang, Han and Zhang, Zizhao and Odena, Augustus and Lee, Honglak},
  journal={arXiv preprint arXiv:1910.12027},
  year={2019}
}
@inproceedings{cubuk2020randaugment,
  title={Randaugment: Practical automated data augmentation with a reduced search space},
  author={Cubuk, Ekin D and Zoph, Barret and Shlens, Jonathon and Le, Quoc V},
  booktitle={Proceedings of the IEEE/CVF Conference on Computer Vision and Pattern Recognition Workshops},
  pages={702--703},
  year={2020}
}

@article{hinton2015distilling,
  title={Distilling the knowledge in a neural network},
  author={Hinton, Geoffrey and Vinyals, Oriol and Dean, Jeff},
  journal={arXiv preprint arXiv:1503.02531},
  year={2015}
}

@inproceedings{doersch2017multi,
  title={Multi-task self-supervised visual learning},
  author={Doersch, Carl and Zisserman, Andrew},
  booktitle={Proceedings of the IEEE International Conference on Computer Vision},
  pages={2051--2060},
  year={2017}
}

@article{larochelle2009exploring,
  title={Exploring strategies for training deep neural networks.},
  author={Larochelle, Hugo and Bengio, Yoshua and Louradour, J{\'e}r{\^o}me and Lamblin, Pascal},
  journal={Journal of machine learning research},
  volume={10},
  number={1},
  year={2009}
}

@article{chapelle2009semi,
  title={Semi-supervised learning (chapelle, o. et al., eds.; 2006)[book reviews]},
  author={Chapelle, Olivier and Scholkopf, Bernhard and Zien, Alexander},
  journal={IEEE Transactions on Neural Networks},
  volume={20},
  number={3},
  pages={542--542},
  year={2009},
  publisher={IEEE}
}

@article{hochreiter1998vanishing,
  title={The vanishing gradient problem during learning recurrent neural nets and problem solutions},
  author={Hochreiter, Sepp},
  journal={International Journal of Uncertainty, Fuzziness and Knowledge-Based Systems},
  volume={6},
  number={02},
  pages={107--116},
  year={1998},
  publisher={World Scientific}
}

@article{blickle1996comparison,
  title={A comparison of selection schemes used in evolutionary algorithms},
  author={Blickle, Tobias and Thiele, Lothar},
  journal={Evolutionary Computation},
  volume={4},
  number={4},
  pages={361--394},
  year={1996},
  publisher={MIT Press}
}

@misc{grandvalet2006entropy,
  title={Entropy Regularization.},
  author={Grandvalet, Yves and Bengio, Yoshua},
  year={2006}
}