@article{廣安知之2002実験計画法を用いた分散遺伝的アルゴリズムのパラメータ推定,
  title={実験計画法を用いた分散遺伝的アルゴリズムのパラメータ推定},
  author={廣安知之 and 三木光範 and 上浦二郎 and others},
  journal={情報処理学会論文誌数理モデル化と応用 (TOM)},
  volume={43},
  number={SIG10 (TOM7)},
  pages={199--217},
  year={2002}
}